<?xml version="1.0" encoding="UTF-8" ?><marc:collection xmlns:marc="http://www.loc.gov/MARC21/slim" xmlns:xsi="http://www.w3.org/2001/XMLSchema-instance" xsi:schemaLocation="http://www.loc.gov/MARC21/slim http://www.loc.gov/standards/marcxml/schema/MARC21slim.xsd">
<marc:record><marc:leader>04232cam a2200493Mi 4500</marc:leader>
<marc:controlfield tag="001">b12158768</marc:controlfield>
<marc:controlfield tag="003">UaCaAUL</marc:controlfield><marc:controlfield tag="005">20180226105941.0</marc:controlfield><marc:controlfield tag="008">020607s1908    ua            000 0 ara d</marc:controlfield><marc:datafield tag="035" ind1=" " ind2=" "><marc:subfield code="a">(OCoLC)85091068</marc:subfield></marc:datafield><marc:datafield tag="040" ind1=" " ind2=" "><marc:subfield code="a">CUD</marc:subfield><marc:subfield code="b">eng</marc:subfield><marc:subfield code="e">rda</marc:subfield><marc:subfield code="c">CUD</marc:subfield><marc:subfield code="d">OCLCG</marc:subfield><marc:subfield code="d">OCLCQ</marc:subfield><marc:subfield code="d">OCLCF</marc:subfield><marc:subfield code="d">OCLCO</marc:subfield><marc:subfield code="d">OCLCQ</marc:subfield><marc:subfield code="d">MEAUC</marc:subfield></marc:datafield><marc:datafield tag="049" ind1=" " ind2=" "><marc:subfield code="a">MAIN</marc:subfield></marc:datafield><marc:datafield tag="050" ind1=" " ind2="4"><marc:subfield code="a">BP136.8</marc:subfield><marc:subfield code="b">.I25 1908</marc:subfield></marc:datafield><marc:datafield tag="066" ind1=" " ind2=" "><marc:subfield code="c">(3</marc:subfield></marc:datafield><marc:datafield tag="090" ind1=" " ind2=" "><marc:subfield code="a">BP136.8</marc:subfield><marc:subfield code="b">.I25 1908</marc:subfield></marc:datafield><marc:datafield tag="100" ind1="1" ind2=" "><marc:subfield code="6">880-01</marc:subfield><marc:subfield code="a">Ibn Qutaybah, ʻAbd Allāh ibn Muslim,</marc:subfield><marc:subfield code="d">828-889?</marc:subfield></marc:datafield><marc:datafield tag="240" ind1="1" ind2="0"><marc:subfield code="6">880-02</marc:subfield><marc:subfield code="a">Taʼwīl mukhtalif al-ḥadīth.</marc:subfield></marc:datafield><marc:datafield tag="245" ind1="1" ind2="0"><marc:subfield code="6">880-03</marc:subfield><marc:subfield code="a">Kitāb Taʼwīl mukhtalif al-ḥadīth :</marc:subfield><marc:subfield code="b">fī al-radd ʻalá aʻdāʼ ahl al-ḥadīth, wa-al-jamʻ bayna al-akhbār allatī iddaʻū alayhā al-tanāquḍ wa-al-ikhtilāf, wa-al-jawāb ʻammā awradūhu min al-shubah ʻalá baʻḍ al-akhbār al-mutashābihah aw al-mushakkilah bādiʼ al-raʼy /</marc:subfield><marc:subfield code="c">taʼlīf al-Imām Ibn Qutaybah al-Dīnawarī, al-mutawaffá sanat 276 Hijrīyah.</marc:subfield></marc:datafield><marc:datafield tag="246" ind1="3" ind2=" "><marc:subfield code="6">880-04</marc:subfield><marc:subfield code="a">Taʼwīl mukhtalaf al-ḥadīth.</marc:subfield></marc:datafield><marc:datafield tag="250" ind1=" " ind2=" "><marc:subfield code="6">880-05</marc:subfield><marc:subfield code="a">al-Ṭabʻah al-ūlá.</marc:subfield></marc:datafield><marc:datafield tag="264" ind1=" " ind2="1"><marc:subfield code="6">880-06</marc:subfield><marc:subfield code="a">Miṣr :</marc:subfield><marc:subfield code="b">Maṭbaʻat Kurdistān al-ʻIlmīyah bi-Miṣr al-Maḥmīyah,</marc:subfield><marc:subfield code="c">1326 Hijrīyah [1908]</marc:subfield></marc:datafield><marc:datafield tag="300" ind1=" " ind2=" "><marc:subfield code="a">28, 464 pages ;</marc:subfield><marc:subfield code="c">19 cm.</marc:subfield></marc:datafield><marc:datafield tag="336" ind1=" " ind2=" "><marc:subfield code="a">text</marc:subfield><marc:subfield code="b">txt</marc:subfield><marc:subfield code="2">rdacontent.</marc:subfield></marc:datafield><marc:datafield tag="337" ind1=" " ind2=" "><marc:subfield code="a">unmediated</marc:subfield><marc:subfield code="b">n</marc:subfield><marc:subfield code="2">rdamedia.</marc:subfield></marc:datafield><marc:datafield tag="338" ind1=" " ind2=" "><marc:subfield code="a">volume</marc:subfield><marc:subfield code="b">nc</marc:subfield><marc:subfield code="2">rdacarrier.</marc:subfield></marc:datafield><marc:datafield tag="500" ind1=" " ind2=" "><marc:subfield code="6">880-07</marc:subfield><marc:subfield code="a">Tanbīh, li-yuʻlamu anna hādhā al-kitāb ṭubiʻa wa-ṣuḥḥiḥa ʻalá thalāthi nusakh: al-nuskhah al-Wāsiṭīyah al-muṣaḥḥaḥah bi-maʻrifat ustādhī al-mifḍāl (al-Sayyid Maḥmūd Shukrī al-Ālūsī), wa-al-nuskhah al-Dimashqīyah al-maktūbah al-muṣaḥḥaḥah bi-khaṭṭ al-ustādh al-fāḍil (al-Shaykh Muḥammad Jamāl al-Qāsimī), wa-al-nuskhah al-maḥfūẓah (bi-al-Kutubkhānh al-Khidīwīyah).</marc:subfield></marc:datafield><marc:datafield tag="500" ind1=" " ind2=" "><marc:subfield code="6">880-08</marc:subfield><marc:subfield code="a">al-Ṭabʻah al-ūlá ʻalá nafaqat ṣāḥib al-saʻādah Maḥmūd Afandī Shābandar Zādah ʻayn aʻyān Baghdād wa-tujjārihā wa-al-sāʻī fī iḥyāʼ āthārihā, bi-maʻrifat al-faqīr ilayhi Faraj Allāh Zakī al-Kurdī bi-maṭbaʻatih.</marc:subfield></marc:datafield><marc:datafield tag="500" ind1=" " ind2=" "><marc:subfield code="6">880-09</marc:subfield><marc:subfield code="a">Ḥuqūq al-ṭabʻ maḥfūẓah.</marc:subfield></marc:datafield><marc:datafield tag="500" ind1=" " ind2=" "><marc:subfield code="a">Includes errata pages.</marc:subfield></marc:datafield><marc:datafield tag="650" ind1=" " ind2="0"><marc:subfield code="a">Hadith</marc:subfield><marc:subfield code="x">Authorities</marc:subfield><marc:subfield code="v">Early works to 1800.</marc:subfield></marc:datafield><marc:datafield tag="650" ind1=" " ind2="0"><marc:subfield code="a">Hadith</marc:subfield><marc:subfield code="x">Criticism, interpretation, etc.</marc:subfield></marc:datafield><marc:datafield tag="880" ind1=" " ind2=" "><marc:subfield code="6">250-05/(3/r</marc:subfield><marc:subfield code="a">الطبعة الأولى..‪</marc:subfield></marc:datafield><marc:datafield tag="880" ind1="1" ind2=" "><marc:subfield code="6">100-01/(3/r</marc:subfield><marc:subfield code="a">ابن قتيبة، عبد الله بن مسلم،‪</marc:subfield><marc:subfield code="d">828-889؟.‪</marc:subfield></marc:datafield><marc:datafield tag="880" ind1="1" ind2="0"><marc:subfield code="6">240-02/(3/r</marc:subfield><marc:subfield code="a">تأويل مختلف الحديث.‪</marc:subfield></marc:datafield><marc:datafield tag="880" ind1="1" ind2="0"><marc:subfield code="6">245-03/(3/r</marc:subfield><marc:subfield code="a">كتاب تأويل مختلف الحديث :‪</marc:subfield><marc:subfield code="b">في الرد على أعداء أهل الحديث، والجمع بين الأخبار التي ادعوا اليها التناقض والاختلاف، والجواب عما اوردوه من الشبة على بعض الاخبار المتشابهة او المشكلة بادئ الرأي /‪</marc:subfield><marc:subfield code="c">تأليف الامام ابن قتيبة الدينوري، المتوفى سنة 276 هجرية..‪</marc:subfield></marc:datafield><marc:datafield tag="880" ind1="3" ind2=" "><marc:subfield code="6">246-04/(3/r</marc:subfield><marc:subfield code="a">تأويل مختلف الحديث.‪</marc:subfield></marc:datafield><marc:datafield tag="880" ind1=" " ind2="1"><marc:subfield code="6">264-06/(3/r</marc:subfield><marc:subfield code="a">مصر :‪</marc:subfield><marc:subfield code="b">مطبعة كردستان العلمية بمصر المحمية،‪</marc:subfield><marc:subfield code="c">1326 هجرية [1908]‪</marc:subfield></marc:datafield><marc:datafield tag="880" ind1=" " ind2=" "><marc:subfield code="6">500-08/(3/r</marc:subfield><marc:subfield code="a">الطبعة الأولى على نفقة صاحب السعادة محمود افندي شابندر زادة عين أعيان بغداد وتجارها والساعي في احياء آثارها، بمعرفة الفقير اليه فرج الله زكى الكردي بمطبعته..‪</marc:subfield></marc:datafield><marc:datafield tag="880" ind1=" " ind2=" "><marc:subfield code="6">500-07/(3/r</marc:subfield><marc:subfield code="a">تنبيه، ليعلم ان هذا الكتاب طبع وصحح على ثلاث نسخ: النسخة الواسطية المصححة بمعرفة استاذي المفضال (السيد محمود شكري الآلوسي)، والنسخة الدمشقية المكتوبة المصححة بخط الاستاذ الفاضل (الشيخ محمد جمال القاسمي)، والنسخة المحفوظة (بالكتبخانه الخديوية)..‪</marc:subfield></marc:datafield><marc:datafield tag="880" ind1=" " ind2=" "><marc:subfield code="6">500-09/(3/r</marc:subfield><marc:subfield code="a">حقوق الطبع محفوظة..‪</marc:subfield></marc:datafield><marc:datafield tag="907" ind1=" " ind2=" "><marc:subfield code="a">.b12158768</marc:subfield><marc:subfield code="b">main </marc:subfield></marc:datafield><marc:datafield tag="902" ind1=" " ind2=" "><marc:subfield code="a">180326</marc:subfield></marc:datafield><marc:datafield tag="998" ind1=" " ind2=" "><marc:subfield code="b">3</marc:subfield><marc:subfield code="c">981213</marc:subfield><marc:subfield code="d">m</marc:subfield><marc:subfield code="e">a</marc:subfield><marc:subfield code="f">-</marc:subfield><marc:subfield code="g">0</marc:subfield><marc:subfield code="k">TA</marc:subfield></marc:datafield><marc:datafield tag="945" ind1=" " ind2=" "><marc:subfield code="l">main </marc:subfield></marc:datafield></marc:record>
</marc:collection>
